@article{Bank:2014hx,
author = {Bank, Claudia and Ewing, Gregory B and Ferrer-Admettla, Anna and Foll, Matthieu and Jensen, Jeffrey D},
title = {{Thinking too positive? Revisiting current methods of population genetic selection inference}},
journal = {Trends in Genetics},
year = {2014},
volume = {30},
number = {12},
pages = {540--546},
month = dec
}

@article{Barghi:2019gw,
author = {Barghi, Neda and Schl{\"o}tterer, Christian},
title = {{Shifting the paradigm in Evolve and Resequence studies: From analysis of single nucleotide polymorphisms to selected haplotype blocks.}},
journal = {Molecular ecology},
year = {2019},
volume = {28},
number = {3},
pages = {521--524},
month = feb
}

@article{Barton:2000fg,
author = {Barton, N H},
title = {{Genetic hitchhiking.}},
journal = {Philosophical Transactions of the Royal Society B: Biological sciences},
year = {2000},
volume = {355},
number = {1403},
pages = {1553--1562},
month = nov
}

@article{Bazin:2010dv,
author = {Bazin, Eric and Dawson, Kevin J and Beaumont, Mark A},
title = {{Likelihood-free inference of population structure and local adaptation in a Bayesian hierarchical model.}},
journal = {Genetics},
year = {2010},
volume = {185},
number = {2},
pages = {587--602},
month = jun
}

@article{Beaumont:2002ue,
author = {Beaumont, Mark A and Zhang, Wenyang and Balding, D J},
title = {{Approximate Bayesian computation in population genetics.}},
journal = {Genetics},
year = {2002},
volume = {162},
number = {4},
pages = {2025--2035},
month = dec
}

@article{Beaumont:2010gg,
author = {Beaumont, Mark  A.},
title = {{Approximate Bayesian computation in evolution and ecology}},
journal = {Annual Review of Ecology, Evolution and Systematics},
year = {2010},
volume = {41},
pages = {379--406}
}

@article{Beichman:2018bx,
author = {Beichman, Annabel C and Huerta-Sanchez, Emilia and Lohmueller, Kirk E},
title = {{Using Genomic Data to Infer Historic Population Dynamics of Nonmodel Organisms}},
journal = {Annual Review of Ecology, Evolution, and Systematics},
year = {2018},
volume = {49},
number = {1},
pages = {433--456}
}

@article{Bollback:2008br,
author = {Bollback, Jonathan P and York, Thomas L and Nielsen, Rasmus},
title = {{Estimation of 2Nes from temporal allele frequency data.}},
journal = {Genetics},
year = {2008},
volume = {179},
number = {1},
pages = {497--502},
month = may
}

@article{BrunicheOlsen:2016ev,
author = {Br{\"u}niche-Olsen, Anna and Austin, Jeremy J and Jones, Menna E and Holland, Barbara R and Burridge, Christopher P},
title = {{Detecting Selection on Temporal and Spatial Scales: A Genomic Time-Series Assessment of Selective Responses to Devil Facial Tumor Disease.}},
journal = {PLoS Genetics},
year = {2016},
volume = {11},
number = {3},
pages = {e0147875}
}

@article{Casillas:2017jv,
author = {Casillas, S{\`o}nia and Barbadilla, Antonio},
title = {{Molecular Population Genetics.}},
journal = {Genetics},
year = {2017},
volume = {205},
number = {3},
pages = {1003--1035},
month = mar
}

@article{Chan:2018ew,
author = {Chan, Jeffrey and Perrone, Valerio and Spence, Jeffrey P and Jenkins, Paul A and Mathieson, Sara and Song, Yun S},
title = {{A Likelihood-Free Inference Framework for Population Genetic Data using Exchangeable Neural Networks}},
journal = {arXiv},
year = {2018},
pages = {267211},
month = nov
}

@article{Charlesworth:2012ix,
author = {Charlesworth, Brian},
title = {{The Effects of Deleterious Mutations on Evolution at Linked Sites}},
journal = {Genetics},
year = {2012},
volume = {190},
number = {1},
pages = {5--22},
month = jan
}

@article{Cridland:2018fx,
author = {Cridland, Julie M and Ramirez, Santiago R and Dean, Cheryl A and Sciligo, Amber and Tsutsui, Neil D},
title = {{Genome Sequencing of Museum Specimens Reveals Rapid Changes in the Genetic Composition of Honey Bees in California.}},
journal = {Genome Biology and Evolution},
year = {2018},
volume = {10},
number = {2},
pages = {458--472},
month = feb
}

@article{Elsik:2014hf,
author = {Elsik, Christine G and Worley, Kim C and Bennett, Anna K and Beye, Martin and Camara, Francisco and Childers, Christopher P and de Graaf, Dirk C and Debyser, Griet and Deng, Jixin and Devreese, Bart and Elhaik, Eran and Evans, Jay D and Foster, Leonard J and Graur, Dan and Guigo, Roderic and {HGSC production teams} and Hoff, Katharina Jasmin and Holder, Michael E and Hudson, Matthew E and Hunt, Greg J and Jiang, Huaiyang and Joshi, Vandita and Khetani, Radhika S and Kosarev, Peter and Kovar, Christie L and Ma, Jian and Maleszka, Ryszard and Moritz, Robin F A and Munoz-Torres, Monica C and Murphy, Terence D and Muzny, Donna M and Newsham, Irene F and Reese, Justin T and Robertson, Hugh M and Robinson, Gene E and Rueppell, Olav and Solovyev, Victor and Stanke, Mario and Stolle, Eckart and Tsuruda, Jennifer M and Vaerenbergh, Matthias Van and Waterhouse, Robert M and Weaver, Daniel B and Whitfield, Charles W and Wu, Yuanqing and Zdobnov, Evgeny M and Zhang, Lan and Zhu, Dianhui and Gibbs, Richard A and {Honey Bee Genome Sequencing Consortium}},
title = {{Finding the missing honey bee genes: lessons learned from a genome upgrade.}},
journal = {BMC Genomics},
year = {2014},
volume = {15},
pages = {86},
month = jan
}

@article{Ewing:2016gv,
author = {Ewing, Gregory B and Jensen, Jeffrey D},
title = {{The consequences of not accounting for background selection in demographic inference.}},
journal = {Molecular Ecology},
year = {2016},
volume = {25},
number = {1},
pages = {135--141},
month = jan
}

@article{Fay:2000dl,
author = {Fay, Justin C and Wu, Chung-I},
title = {{Hitchhiking Under Positive Darwinian Selection}},
journal = {Genetics},
year = {2000},
volume = {155},
number = {3},
pages = {1405--1413},
month = jul
}


@article{Feder:2016bc,
author = {Feder, Alison F and Rhee, Soo-Yon and Holmes, Susan P and Shafer, Robert W and Petrov, Dmitri A and Pennings, Pleuni S},
title = {{More effective drugs lead to harder selective sweeps in the evolution of drug resistance in HIV-1.}},
journal = {eLife},
year = {2016},
volume = {5},
month = feb
}

@article{Feder:2014fe,
author = {Feder, Alison F and Kryazhimskiy, Sergey and Plotkin, Joshua B},
title = {{Identifying signatures of selection in genetic time series.}},
journal = {Genetics},
year = {2014},
volume = {196},
number = {2},
pages = {509--522},
month = feb
}


@article{Feder:2018ic,
author = {Feder, Alison F and Pennings, Pleuni S and Petrov, Dmitri A},
title = {{The clarifying role of time series data in the population genetics of HIV}},
journal = {bioRxiv},
year = {2018}
}

@article{FerrerAdmetlla:2016jc,
author = {Ferrer-Admetlla, Anna and Leuenberger, Christoph and Jensen, Jeffrey D and Wegmann, Daniel},
title = {{An Approximate Markov Model for the Wright-Fisher Diffusion and Its Application to Time Series Data.}},
journal = {Genetics},
year = {2016},
volume = {203},
number = {2},
pages = {831--846},
month = jun
}

@article{Fisher:1947jm,
author = {Fisher, R A and Ford, E B},
title = {{The spread of a gene in natural conditions in a colony of the moth Panaxia dominula L.}},
journal = {Heredity},
year = {1947},
volume = {1},
number = {2},
pages = {143--174},
month = oct
}

@article{Foll:2014kv,
author = {Foll, Matthieu and Poh, Yu-Ping and Renzette, Nicholas and Ferrer-Admetlla, Anna and Bank, Claudia and Shim, Hyunjin and Malaspinas, Anna-Sapfo and Ewing, Gregory and Liu, Ping and Wegmann, Daniel and Caffrey, Daniel R and Zeldovich, Konstantin B and Bolon, Daniel N and Wang, Jennifer P and Kowalik, Timothy F and Schiffer, Celia A and Finberg, Robert W and Jensen, Jeffrey D},
title = {{Influenza virus drug resistance: a time-sampled population genetics perspective.}},
journal = {PLoS Genetics},
year = {2014},
volume = {10},
number = {2},
pages = {e1004185},
month = feb
}

@article{Foll:2015ce,
author = {Foll, Matthieu and Shim, Hyunjin and Jensen, Jeffrey D},
title = {{WFABC: a Wright-Fisher ABC-based approach for inferring effective population sizes and selection coefficients from time-sampled data.}},
journal = {Molecular Ecology Resources},
year = {2015},
volume = {15},
number = {1},
pages = {87--98},
month = jan
}

@article{Frachon:2017fw,
author = {Frachon, L{\'e}a and Libourel, Cyril and Villoutreix, Romain and Carr{\`e}re, S{\'e}bastien and Glorieux, C{\'e}dric and Huard-Chauveau, Carine and Navascu{\'e}s, Miguel and Gay, Laur{\`e}ne and Vitalis, Renaud and Baron, Etienne and Amsellem, Laurent and Bouchez, Olivier and Vidal, Marie and LE CORRE, VAL{\'E}RIE and Roby, Dominique and Bergelson, Joy and Roux, Fabrice},
title = {{Intermediate degrees of synergistic pleiotropy drive adaptive evolution in ecological time}},
journal = {Nature Ecology {\&} Evolution},
year = {2017},
volume = {1},
number = {10},
pages = {1551--1561}
}

@article{Fraimout:2017jq,
author = {Fraimout, Antoine and Debat, Vincent and Fellous, Simon and Hufbauer, Ruth A and Foucaud, Julien and Pudlo, Pierre and Marin, Jean-Michel and Price, Donald K and Cattel, Julien and Chen, Xiao and Depr{\'a}, Marindia and Fran{\c c}ois Duyck, Pierre and Guedot, Christelle and Kenis, Marc and Kimura, Masahito T and Loeb, Gregory and Loiseau, Anne and Martinez-Sa{\~n}udo, Isabel and Pascual, Marta and Polihronakis Richmond, Maxi and Shearer, Peter and Singh, Nadia and Tamura, Koichiro and Xu{\'e}reb, Anne and Zhang, Jinping and Estoup, Arnaud},
title = {{Deciphering the Routes of invasion of Drosophila suzukii by Means of ABC Random Forest.}},
journal = {Molecular Biology and Evolution},
year = {2017},
volume = {34},
number = {4},
pages = {980--996},
month = apr
}

@article{Frazier:2018kq,
author = {Frazier, D T and Martin, G M and Robert, Christian P and Rousseau, J},
title = {{Asymptotic properties of approximate Bayesian computation}},
journal = {Biometrika},
year = {2018},
volume = {105},
number = {3},
pages = {593--607},
month = sep
}

@article{Gerrish:1998ui,
author = {Gerrish, P J and Lenski, R E},
title = {{The fate of competing beneficial mutations in an asexual population.}},
journal = {Genetica},
year = {1998},
volume = {102-103},
number = {1-6},
pages = {127--144}
}

@article{Goldringer:2004ei,
author = {Goldringer, Isabelle and Bataillon, Thomas},
title = {{On the distribution of temporal variations in allele frequency: consequences for the estimation of effective population size and the detection of loci undergoing selection.}},
journal = {Genetics},
year = {2004},
volume = {168},
number = {1},
pages = {563--568},
month = sep
}

@article{Haldane:1957ka,
author = {Haldane, J B S},
title = {{The cost of natural selection}},
journal = {Journal of Genetics},
year = {1957},
volume = {55},
number = {3},
pages = {511--524},
month = dec
}

@article{Haller:2017gm,
author = {Haller, Benjamin C and Messer, Philipp W},
title = {{SLiM 2: Flexible, Interactive Forward Genetic Simulations.}},
journal = {Molecular Biology and Evolution},
year = {2017},
volume = {34},
number = {1},
pages = {230--240},
month = jan
}

@article{Haller:2018gn,
author = {Haller, Benjamin C. and Galloway, Jared and Kelleher, Jerome and Messer, Philipp W. and Ralph, Peter L},
title = {{Tree-sequence recording in SLiM opens new horizons for forward-time simulation of whole genomes.}},
journal = {bioRxiv},
year = {2018},
month = sep
}

@article{Haller:2019cy,
author = {Haller, Benjamin C and Messer, Philipp W},
title = {{SLiM 3: Forward Genetic Simulations Beyond the Wright{\textendash}Fisher Model}},
journal = {Molecular Biology and Evolution},
year = {2019},
volume = {36},
number = {3},
pages = {632--637},
month = mar
}

@article{Harris:2018bm,
author = {Harris, Rebecca and Sackman, Andrew and Jensen, Jeffrey D},
title = {{On the unfounded enthusiasm for soft selective sweeps II: examining recent evidence from humans, flies, and viruses}},
journal = {bioRxiv},
year = {2018},
pages = {443051},
month = oct
}

@article{Henn:2015ce,
author = {Henn, Brenna M and Botigu{\'e}, Laura R and Bustamante, Carlos D and Clark, Andrew G and Gravel, Simon},
title = {{Estimating the mutation load in human genomes.}},
journal = {Nature Reviews Genetics},
year = {2015},
volume = {16},
number = {6},
pages = {333--343},
month = jun
}

@article{Hernandez:2011dn,
author = {Hernandez, Ryan D and Kelley, Joanna L and Elyashiv, Eyal and Melton, S Cord and Auton, Adam and McVean, Gilean and {1000 Genomes Project} and Sella, Guy and Przeworski, Molly},
title = {{Classic selective sweeps were rare in recent human evolution.}},
journal = {Science},
year = {2011},
volume = {331},
number = {6019},
pages = {920--924},
month = feb
}

@article{Hoban:2012kc,
author = {Hoban, Sean and Bertorelle, Giorgio and Gaggiotti, Oscar E},
title = {{Computer simulations: tools for population and evolutionary genetics}},
journal = {Nature Reviews Genetics},
year = {2012},
month = jan
}

@article{Hill:2007gx,
author = {Hill, W G and Robertson, Alan},
title = {{The effect of linkage on limits to artificial selection.}},
journal = {Genetical Research},
year = {2007},
volume = {89},
number = {5-6},
pages = {311--336},
month = dec
}

@article{Huber:2015cl,
author = {Huber, Christian D and DeGiorgio, Michael and Hellmann, Ines and Nielsen, Rasmus},
title = {{Detecting recent selective sweeps while controlling for mutation rate and background selection}},
journal = {Molecular Ecology},
year = {2015},
volume = {25},
number = {1},
pages = {142--156},
month = sep
}

@article{Jensen:2005ky,
author = {Jensen, Jeffrey D and Kim, Yuseob and DuMont, Vanessa Bauer and Aquadro, Charles F and Bustamante, Carlos D},
title = {{Distinguishing between selective sweeps and demography using DNA polymorphism data.}},
journal = {Genetics},
year = {2005},
volume = {170},
number = {3},
pages = {1401--1410},
month = jul
}

@article{Jensen:2007hw,
author = {Jensen, Jeffrey D and Wong, Alex and Aquadro, Charles F},
title = {{Approaches for identifying targets of positive selection.}},
journal = {Trends in Genetics},
year = {2007},
volume = {23},
number = {11},
pages = {568--577},
month = nov
}

@article{Jensen:2007jw,
author = {Jensen, Jeffrey D and Thornton, Kevin R and Bustamante, Carlos D and Aquadro, Charles F},
title = {{On the utility of linkage disequilibrium as a statistic for identifying targets of positive selection in nonequilibrium populations.}},
journal = {Genetics},
year = {2007},
volume = {176},
number = {4},
pages = {2371--2379},
month = aug
}

@article{Jensen:2008eo,
author = {Jensen, Jeffrey D and Thornton, Kevin R and Andolfatto, Peter},
title = {{An approximate bayesian estimator suggests strong, recurrent selective sweeps in \emph{Drosophila}}},
journal = {PLoS Genetics},
year = {2008},
volume = {4},
number = {9},
pages = {e1000198},
month = sep
}

@article{Johri:2019jv,
author = {Johri, P and Charlesworth, B and JD Jensen},
title = {{Towards an evolutionarily appropriate null model: jointly inferring demography and purifying selection}},
journal = {BioRxiv},
year = {2019},
month = dec
}

@article{Jorde:2007ej,
author = {Jorde, Per Erik and Ryman, Nils},
title = {{Unbiased estimator for genetic drift and effective population size}},
journal = {Genetics},
year = {2007},
volume = {177},
number = {2},
pages = {927--935},
month = oct
}

@article{Jost:2008cs,
author = {Jost, Lou },
title = {{GST and its relatives do not measure differentiation}},
journal = {Molecular Ecology},
year = {2008},
volume = {17},
number = {18},
pages = {4015--4026},
month = sep
}

@article{Jost:2009hn,
author = {Jost, Lou},
title = {{D vs. GST: Response to Heller and Siegismund (2009) and Ryman and Leimar (2009)}},
journal = {Molecular Ecology},
year = {2009},
volume = {18},
number = {10},
pages = {2088--2091},
month = may
}

@article{Kelly:1997uja,
author = {Kelly, J K},
title = {{A test of neutrality based on interlocus associations.}},
journal = {Genetics},
year = {1997},
volume = {146},
number = {3},
pages = {1197--1206},
month = jul
}

@article{Kaplan:1989tm,
author = {Kaplan, N L and Hudson, R R and Langley, C H},
title = {{The "hitchhiking effect" revisited.}},
journal = {Genetics},
year = {1989},
volume = {123},
number = {4},
pages = {887--899},
month = dec
}

@article{Kern:2018bj,
author = {Kern, Andrew D and Schrider, Daniel R},
title = {{diploS/HIC: An Updated Approach to Classifying Selective Sweeps.}},
journal = {G3: Genes|Genomes|Genetics},
year = {2018},
volume = {8},
number = {6},
pages = {1959--1970},
month = may
}

@article{Kim:2004ih,
author = {Kim, Yuseob and Nielsen, Rasmus},
title = {{Linkage disequilibrium as a signature of selective sweeps.}},
journal = {Genetics},
year = {2004},
volume = {167},
number = {3},
pages = {1513--1524},
month = jul
}

@article{Kofler:2014if,
author = {Kofler, Robert and Schl{\"o}tterer, Christian},
title = {{A guide for the design of evolve and resequencing studies.}},
journal = {Molecular Biology and Evolution},
year = {2014},
volume = {31},
number = {2},
pages = {474--483},
month = feb
}

@article{Kuhner:2009ex,
author = {Kuhner, Mary K},
title = {{Coalescent genealogy samplers: windows into population history.}},
journal = {Trends in Ecology and Evolution},
year = {2009},
volume = {24},
number = {2},
pages = {86--93},
month = feb
}


@article{Lange:2018fl,
author = {Lange, Jeremy D and Pool, John E},
title = {{Impacts of Recurrent Hitchhiking on Divergence and Demographic Inference in Drosophila.}},
journal = {Genome Biology and Evolution},
year = {2018},
month = jul
}

@article{Li:2012bh,
author = {Li, Junrui and Li, Haipeng and Jakobsson, Mattias and Li, Sen and Sj{\"o}din, Per and Lascoux, Martin},
title = {{Joint analysis of demography and selection in population genetics: where do we stand and where could we go?}},
journal = {Molecular Ecology},
year = {2012},
volume = {21},
number = {1},
pages = {28--44},
month = jan
}

@article{Lin:2011jv,
author = {Lin, Kao and Li, Haipeng and Schl{\"o}tterer, Christian and Futschik, Andreas},
title = {{Distinguishing Positive Selection From Neutral Evolution: Boosting the Performance of Summary Statistics}},
journal = {Genetics},
year = {2011},
volume = {187},
number = {1},
pages = {229--244},
month = jan
}

@article{Malaspinas:2012dv,
author = {Malaspinas, Anna-Sapfo and Malaspinas, Orestis and Evans, Steven N and Slatkin, Montgomery},
title = {{Estimating allele age and selection coefficient from time-serial data.}},
journal = {Genetics},
year = {2012},
volume = {192},
number = {2},
pages = {599--607},
month = oct
}

@article{Malaspinas:2015do,
author = {Malaspinas, Anna-Sapfo},
title = {{Methods to characterize selective sweeps using time serial samples: an ancient DNA perspective}},
journal = {Molecular Ecology},
year = {2015},
volume = {25},
number = {1},
pages = {24--41},
month = dec
}

@article{Marin:2012jh,
author = {Marin, Jean-Michel and Pudlo, Pierre and Robert, Christian P and Ryder, Robin J},
title = {{Approximate Bayesian computational methods}},
journal = {Statistics and Computing},
year = {2012},
volume = {22},
number = {6},
pages = {1167--1180}
}

@article{Mattila:2012hi,
author = {Mattila, Anniina L K and Duplouy, Anne and Kirjokangas, Malla and Lehtonen, Rainer and Rastas, Pasi and Hanski, Ilkka},
title = {{High genetic load in an old isolated butterfly population.}},
journal = {Proceedings of the National Academy of Sciences of the United States of America},
year = {2012},
volume = {109},
number = {37},
pages = {E2496--505},
month = sep
}

@article{Messer:2013ct,
author = {Messer, Philipp W},
title = {{SLiM: Simulating Evolution with Selection and Linkage.}},
journal = {Genetics},
year = {2013},
volume = {194},
number = {4},
pages = {1037--1039},
month = aug
}

@article{DeMita:2012dx,
author = {De Mita, St{\'e}phane and Siol, Mathieu},
title = {{EggLib: processing, analysis and simulation tools for population genetics and genomics.}},
journal = {BMC Genetics},
year = {2012},
volume = {13},
pages = {27},
month = apr
}

@article{Mueller:1985ug,
author = {Mueller, L D and Barr, L G and Ayala, F J},
title = {{Natural selection vs. random drift: evidence from temporal variation in allele frequencies in nature.}},
journal = {Genetics},
year = {1985},
volume = {111},
number = {3},
pages = {517--554},
month = nov
}

@article{Navascues:2010in,
author = {Navascu{\'e}s, Miguel and Depaulis, Frantz and Emerson, Brent C},
title = {{Combining contemporary and ancient DNA in population genetic and phylogeographical studies.}},
journal = {Molecular Ecology Resources},
year = {2010},
volume = {10},
number = {5},
pages = {760--772},
month = sep
}

@article{Neher:2013ju,
author = {Neher, Richard A},
title = {{Genetic Draft, Selective Interference, and Population Genetics of Rapid Adaptation}},
journal = {Annual Review of Ecology, Evolution, and Systematics},
year = {2013},
volume = {44},
number = {1},
pages = {195--215},
month = nov
}

@article{Nei:1979uk,
author = {Nei, M and Li, W H},
title = {{Mathematical model for studying genetic variation in terms of restriction endonucleases.}},
journal = {Proceedings of the National Academy of Sciences of the United States of America},
year = {1979},
volume = {76},
number = {10},
pages = {5269--5273},
month = oct
}

@article{Nielsen:2005kx,
author = {Nielsen, Rasmus},
title = {{Molecular signatures of natural selection.}},
journal = {Annual Review of Genetics},
year = {2005},
volume = {39},
number = {1},
pages = {197--218}
}

@article{Nishino:2013if,
author = {Nishino, J},
title = {{Detecting Selection Using Time-Series Data of Allele Frequencies with Multiple Independent Reference Loci}},
journal = {G3: Genes|Genomes|Genetics},
year = {2013},
volume = {3},
number = {12},
pages = {2151--2161},
month = dec
}

@article{Nomura:2012bp,
author = {Nomura, T and Takahashi, J},
title = {{Effective population size in eusocial Hymenoptera with worker-produced males.}},
journal = {Heredity},
year = {2012},
volume = {109},
number = {5},
pages = {261--268},
month = nov
}

@article{Ormond:2016gy,
author = {Ormond, Louise and Foll, Matthieu and Ewing, Gregory B and Pfeifer, Susanne P and Jensen, Jeffrey D},
title = {{Inferring the age of a fixed beneficial allele.}},
journal = {Molecular Ecology},
year = {2016},
volume = {25},
number = {1},
pages = {157--169},
month = jan
}


@article{Pavlidis:2010bb,
author = {Pavlidis, Pavlos and Jensen, Jeffrey D and Stephan, Wolfgang},
title = {{Searching for footprints of positive selection in whole-genome SNP data from nonequilibrium populations.}},
journal = {Genetics},
year = {2010},
volume = {185},
number = {3},
pages = {907--922},
month = jul
}

@article{Plough:2016gw,
author = {Plough, Louis V},
title = {{Genetic load in marine animals: a review}},
journal = {Current Zoology},
year = {2016},
volume = {62},
number = {6},
pages = {567--579},
month = dec
}

@article{Pool:2010eh,
author = {Pool, John E and Hellmann, Ines and Jensen, Jeffrey D and Nielsen, Rasmus},
title = {{Population genetic inference from genomic sequence variation.}},
journal = {Genome Research},
year = {2010},
volume = {20},
number = {3},
pages = {291--300},
month = mar
}

@article{Pudlo:2016il,
author = {Pudlo, Pierre and Marin, Jean-Michel and Estoup, Arnaud and Cornuet, Jean Marie and Gautier, Mathieu and Robert, Christian P},
title = {{Reliable ABC model choice via random forests.}},
journal = {Bioinformatics},
year = {2016},
volume = {32},
number = {6},
pages = {859--866},
month = mar
}

@article{Pybus:2015hj,
author = {Pybus, Marc and Luisi, Pierre and Dall'Olio, Giovanni Marco and Uzkudun, Manu and Laayouni, Hafid and Bertranpetit, Jaume and Engelken, Johannes},
title = {{Hierarchical boosting: a machine-learning framework to detect and classify hard selective sweeps in human populations}},
journal = {Bioinformatics},
year = {2015},
volume = {31},
number = {24},
pages = {3946--3952},
month = dec
}

@article{Racimo:2016ea,
author = {Racimo, Fernando and Renaud, Gabriel and Slatkin, Montgomery},
title = {{Joint Estimation of Contamination, Error and Demography for Nuclear DNA from Ancient Humans.}},
journal = {PLoS Genetics},
year = {2016},
volume = {12},
number = {4},
pages = {e1005972},
month = apr
}

@article{Raynal:2017wm,
author = {Raynal, Louis and Marin, Jean-Michel and Pudlo, Pierre and Ribatet, Mathieu and Robert, Christian P and Estoup, Arnaud},
title = {{ABC random forests for Bayesian parameter inference }},
journal = {arXiv},
year = {2017},
pages = {1--37},
month = jul
}

@article{Ronen:2013jm,
author = {Ronen, Roy and Udpa, Nitin and Halperin, Eran and Bafna, Vineet},
title = {{Learning natural selection from the site frequency spectrum.}},
journal = {Genetics},
year = {2013},
volume = {195},
number = {1},
pages = {181--193},
month = sep
}

@article{Rozas:2001wc,
author = {Rozas, J and Gullaud, M and Blandin, G and Aguad{\'e}, M},
title = {{DNA variation at the rp49 gene region of Drosophila simulans: evolutionary inferences from an unusual haplotype structure.}},
journal = {Genetics},
year = {2001},
volume = {158},
number = {3},
pages = {1147--1155},
month = jul
}

@article{Schraiber:2016ks,
author = {Schraiber, Joshua G and Evans, Steven N and Slatkin, Montgomery},
title = {{Bayesian Inference of Natural Selection from Allele Frequency Time Series.}},
journal = {Genetics},
year = {2016},
volume = {203},
number = {1},
pages = {493--511},
month = may
}

@article{Schrider:2016hz,
author = {Schrider, Daniel R and Kern, Andrew D},
title = {{S/HIC: Robust Identification of Soft and Hard Sweeps Using Machine Learning.}},
journal = {PLoS Genetics},
year = {2016},
volume = {12},
number = {3},
pages = {e1005928},
month = mar
}

@article{Schrider:2019ih,
author = {Schrider, Daniel  R},
title = {{Background selection does not mimic the patterns of genetic diversity produced by selective sweeps}},
journal = {BioRxiv},
year = {2019},
month = dec
}

@article{Scheinfeldt:2013iz,
author = {Scheinfeldt, Laura B and Tishkoff, Sarah A},
title = {{Recent human adaptation: genomic approaches, interpretation and insights.}},
journal = {Nature Reviews Genetics},
year = {2013},
volume = {14},
number = {10},
pages = {692--702},
month = oct
}

@article{Schrider:2016gg,
author = {Schrider, Daniel R and Shanku, Alexander G and Kern, Andrew D},
title = {{Effects of Linked Selective Sweeps on Demographic Inference and Model Selection.}},
journal = {Genetics},
year = {2016},
volume = {204},
number = {3},
pages = {1207--1223},
month = nov
}

@article{Schrider:2018ho,
author = {Schrider, Daniel R and Ayroles, Julien and Matute, Daniel R and Kern, Andrew D},
title = {{Supervised machine learning reveals introgressed loci in the genomes of Drosophila simulans and D. sechellia.}},
journal = {PLoS Genetics},
year = {2018},
volume = {14},
number = {4},
pages = {e1007341},
month = apr
}

@article{Schrider:2018ei,
author = {Schrider, Daniel R and Kern, Andrew D},
title = {{Supervised Machine Learning for Population Genetics: A New Paradigm.}},
journal = {Trends in Genetics},
year = {2018},
volume = {34},
number = {4},
pages = {301--312},
month = apr
}

@article{Sella:2009hs,
author = {Sella, Guy and Petrov, Dmitri A and Przeworski, Molly and Andolfatto, Peter},
title = {{Pervasive natural selection in the Drosophila genome?}},
journal = {PLoS Genetics},
year = {2009},
volume = {5},
number = {6},
pages = {e1000495},
month = jun
}

@article{Sheehan:2016caa,
author = {Sheehan, Sara and Song, Yun S},
title = {{Deep Learning for Population Genetic Inference}},
journal = {PLoS Computational Biology},
year = {2016},
volume = {12},
number = {3},
pages = {e1004845},
month = mar
}

@article{Smith:1974cy,
author = {Smith, J M and Haigh, J},
title = {{The hitch-hiking effect of a favourable gene.}},
journal = {Genetical Research},
year = {1974},
volume = {23},
number = {1},
pages = {23--35},
month = feb
}

@article{Stephan:1992cx,
author = {Stephan, W and Wiehe, THE and Lenz, M W},
title = {{The Effect of Strongly Selected Substitutions on Neutral Polymorphism - Analytical Results Based on Diffusion-Theory}},
journal = {Theoretical Population Biology},
year = {1992},
volume = {41},
number = {2},
pages = {237--254},
month = apr
}


@article{Tajima:1989un,
author = {Tajima, F},
title = {{Statistical method for testing the neutral mutation hypothesis by DNA polymorphism.}},
journal = {Genetics},
year = {1989},
volume = {123},
number = {3},
pages = {585--595},
month = nov
}

@article{Thornton:2007du,
author = {Thornton, Kevin R and Jensen, Jeffrey D},
title = {{Controlling the False-Positive Rate in Multilocus Genome Scans for Selection}},
journal = {Genetics},
year = {2007},
volume = {175},
number = {2},
pages = {737--750},
month = feb
}

@article{Terhorst:2015cg,
author = {Terhorst, Jonathan and Schl{\"o}tterer, Christian and Song, Yun S},
title = {{Multi-locus analysis of genomic time series data from experimental evolution.}},
journal = {PLoS Genetics},
year = {2015},
volume = {11},
number = {4},
pages = {e1005069},
month = apr
}

@article{Vitti:2013jp,
author = {Vitti, Joseph J and Grossman, Sharon R and Sabeti, Pardis C},
title = {{Detecting natural selection in genomic data.}},
journal = {Annual Review of Genetics},
year = {2013},
volume = {47},
number = {1},
pages = {97--120}
}

@book{Walsh:2018tv,
author = {Walsh, Bruce and Lynch, Michael},
title = {{Evolution and Selection of Quantitative Traits}},
publisher = {Oxford University Press},
year = {2018},
month = jun
}

@article{Watterson:1975bh,
author = {Watterson, G A},
title = {{On the number of segregating sites in genetical models without recombination}},
journal = {Theoretical Population Biology},
year = {1975},
volume = {7},
number = {2},
pages = {256--276},
month = apr
}

@article{Weir:1984dx,
author = {Weir, B S and Cockerham, C Clark},
title = {{Estimating F-Statistics for the Analysis of Population Structure}},
journal = {Evolution},
year = {1984},
volume = {38},
number = {6},
pages = {1358},
month = nov
}

@article{Wiehe:1993cm,
author = {Wiehe, T H and Stephan, W},
title = {{Analysis of a genetic hitchhiking model, and its application to DNA polymorphism data from Drosophila melanogaster.}},
journal = {Molecular Biology and Evolution},
year = {1993},
volume = {10},
number = {4},
pages = {842--854},
month = jul
}

@article{Wright:1948bt,
author = {Wright, S},
title = {{On the roles of directed and random changes in gene frequency in the genetics of populations.}},
journal = {Evolution},
year = {1948},
volume = {2},
number = {4},
pages = {279--294},
month = dec
}

@article{Zayed:2004kg,
author = {Zayed, A},
title = {{Effective population size in Hymenoptera with complementary sex determination.}},
journal = {Heredity},
year = {2004},
volume = {93},
number = {6},
pages = {627--630},
month = dec
}
